%% Protocols
@inproceedings{frodo,
	title	= {Frodo: Take off the ring! Practical, Quantum-Secure Key Exchange from LWE},
	author	= {Joppe Bos and Craig Costello and LÃ©o Ducas and Ilya Mironov and Michael Naehrig and Valeria Nikolaenko and Ananth Raghunathan and Douglas Stebila},
	year	= {2016},
	URL	= {http://eprint.iacr.org/2016/659},
	booktitle	= {23rd ACM Conference on Computer and Communications Security (ACM CCS)},
	pages	= {1006-1018}
}
@inproceedings {newhope,
	author = {Erdem Alkim and L{\'e}o Ducas and Thomas P{\"o}ppelmann and Peter Schwabe},
	title = {Post-quantum Key Exchange{\textemdash}A New Hope},
	booktitle = {25th {USENIX} Security Symposium ({USENIX} Security 16)},
	year = {2016},
	isbn = {978-1-931971-32-4},
	address = {Austin, TX},
	pages = {327-343},
	url = {https://www.usenix.org/conference/usenixsecurity16/technical-sessions/presentation/alkim},
	publisher = {{USENIX} Association}
}

%% Previous work
@inproceedings{BCNS,
    author = {Joppe W. Bos and Craig Costello and Michael Naehrig and Douglas Stebila},
    title = {Post-quantum key exchange for the TLS protocol from the ring learning with errors problem},
    publisher = {Cryptology ePrint Archive, Report 2014/599},
    year = {2014},
    url = {https://eprint.iacr.org/2014/599},
}
@inproceedings{RLWE_trapdoor,
    author = {Craig Gentry and Chris Peikert and Vinod Vaikuntanathan},
    title = {Trapdoors for Hard Lattices and New Cryptographic Constructions},
    howpublished = {Cryptology ePrint Archive, Report 2007/432},
    year = {2007},
    url = {https://eprint.iacr.org/2007/432}
}

%% Cryptanalysis
@inproceedings{RLWE_attacks,
    author = {Chris Peikert},
    title = {How (Not) to Instantiate Ring-LWE},
    howpublished = {Cryptology ePrint Archive, Report 2016/351},
    year = {2016},
    url = "https://eprint.iacr.org/2016/351"
}

%% Background
@inproceedings{peikert_2014,
  author    = {Chris Peikert},
  title     = {Lattice Cryptography for the Internet},
  booktitle = {Post-Quantum Cryptography - 6th International Workshop, PQCrypto 2014,
               Waterloo, ON, Canada, October 1-3, 2014. Proceedings},
  pages     = {197--219},
  year      = {2014}
}
@misc{SHA3_FIPS,
	title = {SHA-3 standard: Permutation-based hash and extendable-output functions},
	howpublished = {NATIONAL INSTITUTE OF STANDARDS AND TECHNOLOGY. FIPS PUB 202},
	year = {2015},
	pages = {5,10},
	url = {http://nvlpubs.nist.gov/nistpubs/FIPS/NIST.FIPS.202.pdf}
}
